@mastersthesis{zaki2016,
   author = {Zaki, Youssef},
   institution = {KTH, School of Information and Communication Technology (ICT)},
   pages = {86},
   school = {KTH, School of Information and Communication Technology (ICT)},
   title = {An Embedded Multi-Core Platform for Mixed-Criticality Systems : Study and Analysis of Virtualization Techniques},
   series = {TRITA-ICT-EX},
   number = {2016:164},
   year = {2016},
}
